<?xml version="1.0" encoding="UTF-8"?><record xmlns="http://www.loc.gov/MARC21/slim" xmlns:cinclude="http://apache.org/cocoon/include/1.0" xmlns:zs="http://www.loc.gov/zing/srw/">
  <leader>00560cz  a2200145n  4500</leader>
  <controlfield tag="001">n  84080557 </controlfield>
  <controlfield tag="003">DLC</controlfield>
  <controlfield tag="005">20010522113427.0</controlfield>
  <controlfield tag="008">840618n| acannaab            a aaa      </controlfield>
  <datafield tag="010" ind1=" " ind2=" ">
    <subfield code="a">n  84080557 </subfield>
    <subfield code="z">n  88096726 </subfield>
  </datafield>
  <datafield tag="040" ind1=" " ind2=" ">
    <subfield code="a">DLC</subfield>
    <subfield code="c">DLC</subfield>
    <subfield code="d">DLC</subfield>
  </datafield>
  <datafield tag="100" ind1="1" ind2="0">
    <subfield code="a">Spintge, R.</subfield>
  </datafield>
  <datafield tag="400" ind1="1" ind2="0">
    <subfield code="a">Spintge, Ralph</subfield>
  </datafield>
  <datafield tag="670" ind1=" " ind2=" ">
    <subfield code="a">Angst, Schmerz, Musik in der Anästhesie, 1983:</subfield>
    <subfield code="b">t.p. (R. Spintge) p. vi (Dr. med.; Abt. Anästhesiol., Krankenhaus f. Sportverletzte Hellersen, Lüdenscheid)</subfield>
  </datafield>
  <datafield tag="670" ind1=" " ind2=" ">
    <subfield code="a">Anaesthesia, 1985:</subfield>
    <subfield code="b">CIP t.p. (R. Spintge) CIP data sheet (Ralph Spintge; b. 4/17/54)</subfield>
  </datafield>
</record>